@article{DBLP:journals/algorithmica/BockerBK11,
  author    = {Sebastian B{\"{o}}cker and
               Sebastian Briesemeister and
               Gunnar W. Klau},
  title     = {Exact Algorithms for Cluster Editing: Evaluation and Experiments},
  journal   = {Algorithmica},
  volume    = {60},
  number    = {2},
  pages     = {316--334},
  year      = {2011},
  url       = {https://doi.org/10.1007/s00453-009-9339-7},
  doi       = {10.1007/s00453-009-9339-7},
  timestamp = {Fri, 09 Apr 2021 18:33:40 +0200},
  biburl    = {https://dblp.org/rec/journals/algorithmica/BockerBK11.bib},
  bibsource = {dblp computer science bibliography, https://dblp.org}
}

@article{DBLP:journals/tcs/BockerBBT09,
  author    = {Sebastian B{\"{o}}cker and
               Sebastian Briesemeister and
               Quang Bao Anh Bui and
               Anke Tru{\ss}},
  title     = {Going weighted: Parameterized algorithms for cluster editing},
  journal   = {Theor. Comput. Sci.},
  volume    = {410},
  number    = {52},
  pages     = {5467--5480},
  year      = {2009},
  url       = {https://doi.org/10.1016/j.tcs.2009.05.006},
  doi       = {10.1016/j.tcs.2009.05.006},
  timestamp = {Fri, 09 Apr 2021 18:28:00 +0200},
  biburl    = {https://dblp.org/rec/journals/tcs/BockerBBT09.bib},
  bibsource = {dblp computer science bibliography, https://dblp.org}
}

@inproceedings{DBLP:conf/apbc/BockerBBT08,
  author    = {Sebastian B{\"{o}}cker and
               Sebastian Briesemeister and
               Quang Bao Anh Bui and
               Anke Tru{\ss}},
  editor    = {Alvis Brazma and
               Satoru Miyano and
               Tatsuya Akutsu},
  title     = {A Fixed-Parameter Approach for Weighted Cluster Editing},
  booktitle = {Proceedings of the 6th Asia-Pacific Bioinformatics Conference, {APBC}
               2008, 14-17 January 2008, Kyoto, Japan},
  series    = {Advances in Bioinformatics and Computational Biology},
  volume    = {6},
  pages     = {211--220},
  publisher = {Imperial College Press},
  year      = {2008},
  url       = {http://www.comp.nus.edu.sg/\%7Ewongls/psZ/apbc2008/apbc050a.pdf},
  timestamp = {Thu, 12 Mar 2020 11:34:43 +0100},
  biburl    = {https://dblp.org/rec/conf/apbc/BockerBBT08.bib},
  bibsource = {dblp computer science bibliography, https://dblp.org}
}

@article{DBLP:journals/algorithmica/CaoC12,
  author    = {Yixin Cao and
               Jianer Chen},
  title     = {Cluster Editing: Kernelization Based on Edge Cuts},
  journal   = {Algorithmica},
  volume    = {64},
  number    = {1},
  pages     = {152--169},
  year      = {2012},
  url       = {https://doi.org/10.1007/s00453-011-9595-1},
  doi       = {10.1007/s00453-011-9595-1},
  timestamp = {Fri, 15 Sep 2017 17:21:36 +0200},
  biburl    = {https://dblp.org/rec/journals/algorithmica/CaoC12.bib},
  bibsource = {dblp computer science bibliography, https://dblp.org}
}

@article{DBLP:journals/tcs/Guo09,
  author    = {Jiong Guo},
  title     = {A more effective linear kernelization for cluster editing},
  journal   = {Theor. Comput. Sci.},
  volume    = {410},
  number    = {8-10},
  pages     = {718--726},
  year      = {2009},
  url       = {https://doi.org/10.1016/j.tcs.2008.10.021},
  doi       = {10.1016/j.tcs.2008.10.021},
  timestamp = {Wed, 17 Feb 2021 21:57:04 +0100},
  biburl    = {https://dblp.org/rec/journals/tcs/Guo09.bib},
  bibsource = {dblp computer science bibliography, https://dblp.org}
}

@book{DBLP:books/sp/CyganFKLMPPS15,
  author    = {Marek Cygan and
               Fedor V. Fomin and
               Lukasz Kowalik and
               Daniel Lokshtanov and
               D{\'{a}}niel Marx and
               Marcin Pilipczuk and
               Michal Pilipczuk and
               Saket Saurabh},
  title     = {Parameterized Algorithms},
  publisher = {Springer},
  year      = {2015},
  url       = {https://doi.org/10.1007/978-3-319-21275-3},
  doi       = {10.1007/978-3-319-21275-3},
  isbn      = {978-3-319-21274-6},
  timestamp = {Sun, 25 Oct 2020 22:32:21 +0100},
  biburl    = {https://dblp.org/rec/books/sp/CyganFKLMPPS15.bib},
  bibsource = {dblp computer science bibliography, https://dblp.org}
}

@software{paarmann_sebastian_2021_4964394,
  author       = {Paarmann, Sebastian},
  title        = {Pandora Cluster Editing Solver},
  month        = jun,
  year         = 2021,
  publisher    = {Zenodo},
  version      = {0.1.0},
  doi          = {10.5281/zenodo.4964394},
  url          = {https://doi.org/10.5281/zenodo.4964394}
}
